<record><leader>00000cas a2200000 a 4500</leader><controlfield tag="001">11242715</controlfield><controlfield tag="008">841009d18841885ksuwr ne      0   a0eng d</controlfield><datafield ind1=" " ind2=" " tag="010"><subfield code="a">sn 84029860 </subfield></datafield><datafield ind1=" " ind2=" " tag="040"><subfield code="a">KSH</subfield><subfield code="b">eng</subfield><subfield code="c">KSH</subfield><subfield code="d">NPT</subfield><subfield code="d">DLC</subfield><subfield code="d">OBN</subfield><subfield code="d">OCL</subfield><subfield code="d">OCLCQ</subfield><subfield code="d">OCLCF</subfield><subfield code="d">OCLCO</subfield></datafield><datafield ind1=" " ind2=" " tag="042"><subfield code="a">msc</subfield></datafield><datafield ind1="0" ind2="0" tag="050"><subfield code="a">Newspaper</subfield></datafield><datafield ind1="0" ind2="0" tag="245"><subfield code="a">Kansas cowboy.</subfield></datafield><datafield ind1=" " ind2=" " tag="260"><subfield code="a">Dodge City, Kan. :</subfield><subfield code="b">Western Kansas Stock Association</subfield></datafield><datafield ind1=" " ind2=" " tag="300"><subfield code="a">v.</subfield></datafield><datafield ind1=" " ind2=" " tag="310"><subfield code="a">Weekly</subfield></datafield><datafield ind1="0" ind2=" " tag="362"><subfield code="a">Vol. 1, no. 43 (June 28, 1884)-</subfield></datafield><datafield ind1="1" ind2=" " tag="362"><subfield code="a">Ceased in Dec. 1885?</subfield></datafield><datafield ind1=" " ind2=" " tag="500"><subfield code="a">"Devoted exclusively to the interests of herding, grazing, and general stock raising in the west."</subfield></datafield><datafield ind1=" " ind2=" " tag="530"><subfield code="a">Also available on microfilm from Recordak Corp.</subfield></datafield><datafield ind1=" " ind2="0" tag="651"><subfield code="a">Dodge City (Kan.)</subfield><subfield code="v">Newspapers.</subfield></datafield><datafield ind1=" " ind2="0" tag="651"><subfield code="a">Ford County (Kan.)</subfield><subfield code="v">Newspapers.</subfield></datafield><datafield ind1=" " ind2="7" tag="655"><subfield code="a">Newspapers.</subfield><subfield code="2">fast</subfield><subfield code="0">(OCoLC)fst01423814</subfield></datafield><datafield ind1=" " ind2="7" tag="651"><subfield code="a">Kansas</subfield><subfield code="z">Dodge City.</subfield><subfield code="2">fast</subfield><subfield code="0">(OCoLC)fst01217318</subfield></datafield><datafield ind1=" " ind2="7" tag="651"><subfield code="a">Kansas</subfield><subfield code="z">Ford County.</subfield><subfield code="2">fast</subfield><subfield code="0">(OCoLC)fst01218094</subfield></datafield><datafield ind1=" " ind2=" " tag="752"><subfield code="a">United States</subfield><subfield code="b">Kansas</subfield><subfield code="c">Ford</subfield><subfield code="d">Dodge City.</subfield></datafield><datafield ind1="0" ind2="0" tag="780"><subfield code="t">Western Central Kansas cowboy</subfield><subfield code="w">(DLC)sn 85031620</subfield><subfield code="w">(OCoLC)12195725</subfield></datafield></record>